<?xml version="1.0" encoding="UTF-8"?><collection xmlns="http://www.loc.gov/MARC21/slim"><record><leader>00701nam--2200193-i-4500</leader><controlfield tag="001">000026153</controlfield><controlfield tag="002">20161230</controlfield><controlfield tag="005">20161230201036</controlfield><controlfield tag="008">060222s1000------------r-----000-0-eng-d</controlfield><datafield ind1=" " ind2=" " tag="040"><subfield code="a">IFIN-HH</subfield></datafield><datafield ind1=" " ind2=" " tag="080"><subfield code="a">539.1.07</subfield></datafield><datafield ind1="1" ind2=" " tag="100"><subfield code="a">Koch, H. W</subfield></datafield><datafield ind1="1" ind2="0" tag="245"><subfield code="a">Multichannel pulse height analyser</subfield><subfield code="b">Nuclear science series proceeding of an informal conference gatlinburg, tennessee, september 26-28, 1956</subfield><subfield code="c">H.w. och, r.w. johnston (eds.)</subfield></datafield><datafield ind1=" " ind2=" " tag="260"><subfield code="a">Washington</subfield><subfield code="b">National Academy Of Science</subfield><subfield code="c">1957</subfield></datafield><datafield ind1=" " ind2=" " tag="300"><subfield code="a">XI+205P</subfield></datafield><datafield ind1=" " ind2=" " tag="490"><subfield code="a">Nuclear Science Series - National Research Council Publication 467</subfield><subfield code="v">Report Number 20</subfield></datafield><datafield ind1="1" ind2=" " tag="700"><subfield code="a">Johnston, R. W</subfield><subfield code="e">Ed</subfield></datafield><datafield ind1=" " ind2=" " tag="852"><subfield code="a">13144</subfield><subfield code="c">539</subfield></datafield><datafield ind1=" " ind2=" " tag="CAT"><subfield code="a">Sys</subfield><subfield code="c">20110926</subfield><subfield code="h">122517</subfield></datafield></record></collection>